@misc{pygame,
author = {
    Pete Shinners and
    Marcus Von Appen and
    Lenard Lindstrom and
    Brian Fisher and
    Rene Dudfield and
    Phil Hassey and
    DR0ID and
    Richard Goedeken and
    Ulf Ekstr√∂m and
    David Clark and
    Ed Boraas and
    Francis Irving and
    Maxim Sobolev and
    Bob Ippolito and
    Jan Ekhol and
    Ray Kelm and
    Peter Nicolai and
    Nat Pryce and
    Dan Richter and
    TheCorruptor and
    Nicholas Dudfield and
    Alex Folkne
},
title = {PyGame},
howpublished = {\url{http://pygame.org/}},
year = {2020}
}

@article{ijspeert2001collaboration,
  title={Collaboration through the exploitation of local interactions in autonomous collective robotics: The stick pulling experiment},
  author={Ijspeert, Auke Jan and Martinoli, Alcherio and Billard, Aude and Gambardella, Luca Maria},
  journal={Autonomous Robots},
  volume={11},
  number={2},
  pages={149--171},
  year={2001},
  publisher={Springer}
}